@book{Humble11,
	author = {Jez Humble, David Farley},
	title = {Continuous Delivery : reliable software releases through build, test, and deployment automation},
	year = {2011},
	edition = {4th printing}
}